<?xml version='1.0' encoding='UTF-8'?>
<record xmlns="http://www.loc.gov/MARC21/slim">
  <leader>01063cam a2200253 a 4500</leader>
  <controlfield tag="001">4599837</controlfield>
  <controlfield tag="003">NjP</controlfield>
  <controlfield tag="005">20180627180749.0</controlfield>
  <controlfield tag="008">051006s1956    iq       b    000 0 ara d</controlfield>
  <datafield tag="024" ind1="7" ind2=" ">
    <subfield code="a">princeton_aco002819</subfield>
    <subfield code="2">local</subfield>
  </datafield>
  <datafield ind1=" " ind2=" " tag="020">
    <subfield code="a">1590080246</subfield>
  </datafield>
  <datafield ind1=" " ind2=" " tag="035">
    <subfield code="a">4599837</subfield>
  </datafield>
  <datafield ind1=" " ind2=" " tag="040">
    <subfield code="a">NjP</subfield>
    <subfield code="c">NjP</subfield>
  </datafield>
  <datafield ind1="0" ind2=" " tag="041">
    <subfield code="a">ara</subfield>
    <subfield code="b">eng</subfield>
  </datafield>
  <datafield ind1=" " ind2=" " tag="043">
    <subfield code="a">a-iq---</subfield>
  </datafield>
  <datafield ind1="1" ind2=" " tag="100">
    <subfield code="a">Mullā ʻAlī, ʻAbbās,</subfield>
    <subfield code="d">1828 or 1829-1859.</subfield>
    <subfield code="0">http://id.loc.gov/authorities/names/n92112911</subfield>
  </datafield>
  <datafield ind1="1" ind2="0" tag="240">
    <subfield code="a">Works.</subfield>
    <subfield code="f">1956</subfield>
  </datafield>
  <datafield ind1="1" ind2="0" tag="245">
    <subfield code="a">Dīwān al-Shaykh ʻAbbās al-Mullā ʻAlī al-Baghdādī al-Najafī al-mutawaffá (1276 H) /</subfield>
    <subfield code="c">jamaʻahu wa-qaddama la-hu wa-ʻallaqa ʻalayhi Muḥammad ʻAlī al-Yaʻqūbī.</subfield>
  </datafield>
  <datafield ind1="1" ind2="5" tag="246">
    <subfield code="a">Poems of Sheikh Abbas Mullah Ali al Baghdadi, al-Najafi</subfield>
  </datafield>
  <datafield ind1=" " ind2=" " tag="260">
    <subfield code="a">al-Najaf :</subfield>
    <subfield code="b">al-Maṭbaʻat al-ʻIlmīyah,</subfield>
    <subfield code="c">1956.</subfield>
  </datafield>
  <datafield ind1=" " ind2=" " tag="300">
    <subfield code="a">147 p. ;</subfield>
    <subfield code="c">25 cm.</subfield>
  </datafield>
  <datafield ind1=" " ind2="0" tag="440">
    <subfield code="a">Makhṭūṭāt Maktabat al-Yaʻqūbī, qism al-dawāwīn ;</subfield>
    <subfield code="v">1</subfield>
  </datafield>
  <datafield ind1=" " ind2=" " tag="504">
    <subfield code="a">Includes bibliographical references.</subfield>
  </datafield>
  <datafield ind1=" " ind2=" " tag="546">
    <subfield code="a">Added title page and introduction in English.</subfield>
  </datafield>
  <datafield ind1="1" ind2=" " tag="700">
    <subfield code="a">Yaʻqūbī, Muḥammad ʻAlī.</subfield>
  </datafield>
  <datafield ind1=" " ind2=" " tag="902">
    <subfield code="a">jab</subfield>
    <subfield code="b">o</subfield>
    <subfield code="6">a</subfield>
    <subfield code="7">m</subfield>
    <subfield code="d">v</subfield>
    <subfield code="f">1</subfield>
    <subfield code="e">20051006</subfield>
  </datafield>
  <datafield ind1="0" ind2=" " tag="852">
    <subfield code="0">4840088</subfield>
    <subfield code="b">rcppa</subfield>
    <subfield code="h">PJ7850.U467</subfield>
    <subfield code="i">D58 1956</subfield>
  </datafield>
  <datafield ind1=" " ind2=" " tag="959">
    <subfield code="a">2005-10-06 11:43:24 -0500</subfield>
  </datafield>
</record>
